<record><leader>00000cas a22000007a 4500</leader><controlfield tag="001">9820455</controlfield><controlfield tag="008">830818d19831985njuwr ne      0   a0eng d</controlfield><datafield ind1=" " ind2=" " tag="010"><subfield code="a">sn 83008639 </subfield></datafield><datafield ind1=" " ind2=" " tag="040"><subfield code="a">NSD</subfield><subfield code="b">eng</subfield><subfield code="c">NSD</subfield><subfield code="d">NJW</subfield><subfield code="d">OCLCQ</subfield></datafield><datafield ind1=" " ind2=" " tag="012"><subfield code="m">d</subfield></datafield><datafield ind1="1" ind2=" " tag="022"><subfield code="a">0746-1577</subfield><subfield code="l">0746-1577</subfield><subfield code="2">1</subfield></datafield><datafield ind1=" " ind2=" " tag="037"><subfield code="b">Cam-Glo Newspapers, 320 S. Broadway, Pitman, NJ 08071</subfield></datafield><datafield ind1=" " ind2=" " tag="042"><subfield code="a">nsdp</subfield></datafield><datafield ind1=" " ind2="4" tag="222"><subfield code="a">The Review-enterprise</subfield></datafield><datafield ind1="0" ind2="4" tag="245"><subfield code="a">The Review-enterprise.</subfield></datafield><datafield ind1="0" ind2="0" tag="246"><subfield code="a">Review enterprise</subfield></datafield><datafield ind1=" " ind2=" " tag="260"><subfield code="a">Pitman, N.J. :</subfield><subfield code="b">[Cam-Glo Newspapers,</subfield></datafield><datafield ind1=" " ind2=" " tag="300"><subfield code="a">v.</subfield></datafield><datafield ind1=" " ind2=" " tag="310"><subfield code="a">Weekly</subfield></datafield><datafield ind1="0" ind2=" " tag="362"><subfield code="a">Vol. 56, no. 11 (Aug. 3, 1983)-v. 57, no. 31 (Jan. 3, 1985).</subfield></datafield><datafield ind1="0" ind2="0" tag="780"><subfield code="t">Review (Pitman, N. J.)</subfield><subfield code="w">(DLC)sn 93060959</subfield><subfield code="w">(OCoLC)28823993</subfield></datafield><datafield ind1="0" ind2="0" tag="785"><subfield code="t">Review-enterprise including the record-spirit</subfield><subfield code="w">(DLC)sn 850346</subfield><subfield code="w">(OCoLC)11625296</subfield><subfield code="x">8750-6424</subfield></datafield></record>